@BOOK {prusinkiewiczp.lindenmayera.2004,
    author  = "Prusinkiewicz, P. and Lindenmayer, A.",
    title   = "The Algorithmic Beauty of Plants",
    year    = "2004",
    url = "http://algorithmicbotany.org/papers/abop/abop.pdf",
	urldate = {2020-07-16}
}